@ARTICLE{5373907, 
author={N. Troy and E. Denny and M. O'Malley}, 
journal={IEEE Transactions on Power Systems}, 
title={Base-Load Cycling on a System With Significant Wind Penetration}, 
year={2010}, 
volume={25}, 
number={2}, 
pages={1088-1097}, 
keywords={load forecasting;sensitivity analysis;wind power plants;base load cycling;base load generating units;electricity sector deregulation;outages;power system interconnection;scheduling model;sensitivity analysis;wind penetration;wind power generation;Costs;interconnected power systems;power system modeling;pumped storage power generation;thermal power generation;wind power generation}, 
doi={10.1109/TPWRS.2009.2037326}, 
ISSN={0885-8950}, 
month={May},}

@ARTICLE{martinezanido2014impact,
 author = "Brancucci Martinez-Anido and C. and Hodge, B. M.",
 title = "Impact of Utility-Scale Distributed Wind on Transmission-Level System Operations",
 year = 2014
}

@article{Jonsson2010313,
title = "On the market impact of wind energy forecasts ",
journal = "Energy Economics ",
volume = "32",
number = "2",
pages = "313 - 320",
year = "2010",
note = "",
issn = "0140-9883",
doi = "http://dx.doi.org/10.1016/j.eneco.2009.10.018",
url = "http://www.sciencedirect.com/science/article/pii/S0140988309002011",
author = "Tryggvi Jonsson and Pierre Pinson and Henrik Madsen",
keywords = "Electricity market",
keywords = "Spot prices",
keywords = "Wind power forecasts",
keywords = "Locally weighted polynomial regression",
keywords = "Conditional distributions "
}

@article{OFlaherty2014103,
title = "A Quantitative Analysis of the Impact of Wind Energy Penetration on Electricity Prices in Ireland ",
journal = "Energy Procedia ",
volume = "58",
number = "",
pages = "103 - 110",
year = "2014",
note = "Renewable Energy Research Conference, \{RERC\} 2014 ",
issn = "1876-6102",
doi = "http://dx.doi.org/10.1016/j.egypro.2014.10.415",
url = "http://www.sciencedirect.com/science/article/pii/S1876610214017822",
author = "Micheal O'Flaherty and Niall Riordan and Noel O'Neill and Ciara Ahern",
keywords = "Wind energy penetration",
keywords = "Wholesale electricity price",
keywords = "Retail electricity price",
keywords = "Ireland. "
}

@article{Kanamura20071010,
title = "A structural model for electricity prices with spikes: Measurement of spike risk and optimal policies for hydropower plant operation ",
journal = "Energy Economics ",
volume = "29",
number = "5",
pages = "1010 - 1032",
year = "2007",
note = "",
issn = "0140-9883",
doi = "http://dx.doi.org/10.1016/j.eneco.2006.05.012",
url = "http://www.sciencedirect.com/science/article/pii/S0140988306000600",
author = "Takashi Kanamura and Kazuhiko Ohashi",
keywords = "Electricity",
keywords = "Price spikes",
keywords = "Supply and demand",
keywords = "Optimal plant operation "
}

@article{Clo201579,
title = "The merit-order effect in the Italian power market: The impact of solar and wind generation on national wholesale electricity prices ",
journal = "Energy Policy ",
volume = "77",
pages = "79 - 88",
year = "2015",
issn = "0301-4215",
doi = "http://dx.doi.org/10.1016/j.enpol.2014.11.038",
url = "http://www.sciencedirect.com/science/article/pii/S0301421514006661",
author = "Stefano Clo and Alessandra Cataldi and Pietro Zoppoli",
keywords = "Renewables",
keywords = "Electricity price",
keywords = "Merit-order effect",
keywords = "Feed-in tariff",
keywords = "Italian wholesale power market "
}


@article{Ketterer2014270,
title = "The impact of wind power generation on the electricity price in Germany ",
journal = "Energy Economics ",
volume = "44",
number = "",
pages = "270 - 280",
year = "2014",
note = "",
issn = "0140-9883",
doi = "http://dx.doi.org/10.1016/j.eneco.2014.04.003",
url = "http://www.sciencedirect.com/science/article/pii/S0140988314000875",
author = "Janina C. Ketterer",
keywords = "Renewable energy sources",
keywords = "Intermittency",
keywords = "Electricity price modelling",
keywords = "GARCH "
}


@ONLINE {isonewengland2015zonal,
    author = "{ISO New England}",
    title  = "Pricing Reports: Zonal Information",
    month  = "may",
    year   = "2015",
    url    = "http://www.iso-ne.com/isoexpress/web/reports/pricing/-/tree/zone-info"
}

@ONLINE {isonewengland2015fuel,
    author = "{ISO New England}",
    title  = "Operations Reports: Daily Generation by Fuel Type",
    month  = "jun",
    year   = "2015",
    url    = "http://www.iso-ne.com/isoexpress/web/reports/operations/-/tree/daily-gen-fuel-type"
}

@ONLINE {isonewengland2015offer,
    author = "{ISO New England}",
    title  = "Pricing Reports: Day-Ahead Energy Offer Data",
    month  = "dec",
    year   = "2014",
    url    = "http://www.iso-ne.com/isoexpress/web/reports/pricing/-/tree/day-ahead-energy-offer-data"
}

@ONLINE {theeuropeanwindenergyassociation2016,
    author = "{The European Wind Energy Association}",
    title  = "Wind energy's frequently asked questions",
    month  = "jan",
    year   = "2016",
    url    = "http://www.ewea.org/wind-energy-basics/faq/"
}

@ONLINE {isonewengland2016queue,
    author = "{ISO New England}",
    title  = "Interconnection Request Queue",
    month  = "apr",
    year   = "2016",
    url    = "http://www.iso-ne.com/system-planning/transmission-planning/interconnection-request-queue"
}

@ARTICLE {isonewenglandinternalmarketmonitor2012,
    author  = "{ISO New England Internal Market Monitor}",
    title   = "Overview of New England's Wholesale Electricity Markets and Market Oversight",
    journal = "ISO New England",
    year    = "2012",
    month   = "may"
}

@ARTICLE {kjellg.nyborgulrichbindseililyaa.strebulaev2002,
    author  = "Kjell G. Nyborg and Ulrich Bindseil and Ilya A. Strebulaev",
    title   = "Bidding and Performance in Repo Auctions: Evidence From ECB Open Market Operations",
    journal = "European Central Bank Working Paper Series",
    year    = "2002",
    month   = "jul"
}

@MISC {christophergeissler2016,
    author       = "Christopher Geissler",
    title        = "Email Correspondence",
    howpublished = "Personal Communication",
    month        = "apr",
    year         = "2016",
    note         = "Economist at ISO New England"
}

@ARTICLE {usenergyinformationadministration2015,
    author  = "{US Energy Information Administration}",
    title   = "Annual Energy Outlook 2015",
    journal = "US Energy Information Administration",
    year    = "2015",
    month   = "apr"
}

@ONLINE {worldnuclearassociation2015,
    author = "{World Nuclear Association}",
    title  = "Cooling Power Plants",
    month  = "nov",
    year   = "2015",
    url    = "http://www.world-nuclear.org/information-library/current-and-future-generation/cooling-power-plants.aspx"
}

@ARTICLE {usenergyinformationadministration2013,
    author  = "{US Energy Information Administration}",
    title   = "Short-Term Energy Outlook Supplement: Constraints in New England likely to affect regional energy prices this winter",
    journal = "US Energy Information Administration",
    year    = "2013",
    month   = "jan"
}

@ARTICLE {m.a.bernsteinj.griffin2006,
    author  = "M.A. Bernstein and J. Griffin",
    title   = "Regional Differences in the Price-Elasticity of Demand for Energy",
    journal = "National Renewable Energy Laboratory",
    year    = "2006",
    month   = "feb"
}

@ONLINE {isonewengland2013lmp,
    author = "{ISO New England}",
    title  = "FAQs: Locational Marginal Pricing",
    month  = "oct",
    year   = "2013",
    url    = "http://www.iso-ne.com/participate/support/faq/lmp"
}

@ONLINE {isonewengland2016keygrid,
    author = "{ISO New England}",
    title  = "Key Grid and Market Stats",
    month  = "jan",
    year   = "2016",
    url    = "http://www.iso-ne.com/about/key-stats"
}

@ONLINE {robertethiervamsichadalavada2009,
    author = "Robert Ethier and Vamsi Chadalavada",
    title  = "ISO on Background - Wholesale Pricing in New England and Summer 2009 Operations",
    month  = "oct",
    year   = "2009",
    url    = "http://www.iso-ne.com/nwsiss/pr/2009/10.5_final_master_2009_october_ethier_chadalavada_background_presentation.pdf"
}

@ONLINE {conservationlawfoundation2014,
    author = "Jerry Elmer, Conservation Law Foundation",
    title  = "Exciting News on Renewables in New England",
    month  = "dec",
    year   = "2014",
    url    = "http://www.clf.org/blog/exciting-news-renewables-new-england/"
}

@ONLINE {isonewengland2016imm,
    author = "{ISO New England}",
    title  = "Internal Market Monitor",
    month  = "feb",
    year   = "2016",
    url    = "http://www.iso-ne.com/markets-operations/market-monitoring-mitigation/internal-monitor"
}

@ARTICLE {michaelcoulonsamhowison2008,
    author  = "Michael Coulon and Sam Howison",
    title   = "Stochastic behavior of the electricity bid stack: from fundamental drivers to power prices",
    journal = "The Journal of Energy Markets",
    year    = "2008",
    volume  = "2",
    number  = "1",
    month   = "oct"
}

@ARTICLE {usdepartmentofenergy2015,
    author  = "{US Department of Energy}",
    title   = "Wind Vision: A New Era for Wind Power in the United States",
    journal = "US Department of Energy",
    year    = "2015",
    month   = "mar"
}

@ONLINE {jerryelmer2014,
    author = "Jerry Elmer",
    title  = "Working with the ISO to Integrate Renewable Energy in New England",
    month  = "sep",
    organization = "Conservation Law Foundation",
    year   = "2014",
    url    = "http://www.clf.org/blog/renewable-energy-in-new-england/"
}

@ARTICLE {isonewengland2015outlook,
    author  = "{ISO New England}",
    title   = "2015 Regional Electricity Outlook",
    journal = "ISO New England",
    year    = "2015"
}

@MISC {jerryelmer2015interview,
    author       = "Jerry Elmer",
    title        = "Personal interview",
    howpublished = "Personal Communication",
    organization = "Conservation Law Foundation",
    month        = "nov",
    year         = "2015",
    note         = "Staff Attorney at Conservation Law Foundation"
}

@ONLINE {isonewengland2016roles,
    author = "{ISO New England}",
    title  = "Our Three Critical Roles",
    month  = "jan",
    year   = "2016",
    url    = "http://www.iso-ne.com/about/what-we-do/three-roles"
}


@article{Cludius2014302,
title = "The merit order effect of wind and photovoltaic electricity generation in Germany 2008-2016: Estimation and distributional implications ",
journal = "Energy Economics ",
volume = "44",
pages = "302-313",
year = "2014",
issn = "0140-9883",
doi = "http://dx.doi.org/10.1016/j.eneco.2014.04.020",
url = "http://www.sciencedirect.com/science/article/pii/S0140988314001042",
author = "Johanna Cludius and Hauke Hermann and Felix Chr. Matthes and Verena Graichen",
keywords = "Renewable electricity",
keywords = "Merit order effect",
keywords = "Industry exemptions",
keywords = "Distributional implications "
}

@ONLINE {usenergyinformationadministration2011,
    author = "{US Energy Information Administration}",
    title  = "About 60 percent of the U.S. electric power supply is managed by RTOs",
    month  = "apr",
    year   = "2011",
    url    = "http://www.eia.gov/todayinenergy/detail.cfm?id=790"
}

@ONLINE {henryhub2016,
    author = "{US Energy Information Administration}",
    title  = "Henry Hub Natural Gas Spot Price",
    month  = "apr",
    year   = "2016",
    url    = "https://www.eia.gov/dnav/ng/hist/rngwhhdm.htm"
}
